<record><leader>00000cas a22000007i 4500</leader><controlfield tag="001">643109551</controlfield><controlfield tag="006">m     o  d        </controlfield><controlfield tag="007">cr |||||||||||</controlfield><controlfield tag="008">100623d18761878iduwr neo     |   a0eng d</controlfield><datafield ind1=" " ind2=" " tag="010"><subfield code="a">  2015218882</subfield></datafield><datafield ind1=" " ind2=" " tag="040"><subfield code="a">CUI</subfield><subfield code="c">CUI</subfield><subfield code="d">OCLCF</subfield><subfield code="d">DLC</subfield></datafield><datafield ind1="0" ind2=" " tag="022"><subfield code="a">2381-2001</subfield><subfield code="2">1</subfield></datafield><datafield ind1=" " ind2=" " tag="042"><subfield code="a">msc</subfield><subfield code="a">nsdp</subfield></datafield><datafield ind1=" " ind2=" " tag="043"><subfield code="a">n-us-id</subfield></datafield><datafield ind1="1" ind2="0" tag="050"><subfield code="a">ISSN RECORD</subfield></datafield><datafield ind1=" " ind2="4" tag="050"><subfield code="a">AN</subfield></datafield><datafield ind1="0" ind2="0" tag="082"><subfield code="a">071</subfield><subfield code="2">23</subfield></datafield><datafield ind1="0" ind2=" " tag="130"><subfield code="a">Teller (Lewiston, Idaho)</subfield></datafield><datafield ind1=" " ind2="4" tag="222"><subfield code="a">The teller (Lewiston, Idaho. Online)</subfield></datafield><datafield ind1="0" ind2="4" tag="245"><subfield code="a">The teller.</subfield></datafield><datafield ind1=" " ind2="1" tag="264"><subfield code="a">Lewiston, North Idaho :</subfield><subfield code="b">A. Leland &amp; Son,</subfield><subfield code="c">1876-</subfield></datafield><datafield ind1=" " ind2=" " tag="300"><subfield code="a">1 online resource</subfield></datafield><datafield ind1=" " ind2=" " tag="310"><subfield code="a">Weekly</subfield></datafield><datafield ind1=" " ind2=" " tag="336"><subfield code="a">text</subfield><subfield code="b">txt</subfield><subfield code="2">rdacontent</subfield></datafield><datafield ind1=" " ind2=" " tag="337"><subfield code="a">computer</subfield><subfield code="b">c</subfield><subfield code="2">rdamedia</subfield></datafield><datafield ind1=" " ind2=" " tag="338"><subfield code="a">online resource</subfield><subfield code="b">cr</subfield><subfield code="2">rdacarrier</subfield></datafield><datafield ind1="1" ind2=" " tag="362"><subfield code="a">Began with vol. 1, no. 1 (October 21, 1876); ceased with vol. 2, no. 25 (April 6, 1878).</subfield></datafield><datafield ind1=" " ind2=" " tag="588"><subfield code="a">Description based on: Vol. 1, no. 1 (October 21, 1876); title from masthead (Chroniclingamerica.loc.gov, viewed September 30, 2015).</subfield></datafield><datafield ind1=" " ind2=" " tag="588"><subfield code="a">Latest issue consulted: Vol. 2, no. 25 (April 6, 1878) (Chroniclingamerica.loc.gov, viewed September 30, 2015).</subfield></datafield><datafield ind1=" " ind2="0" tag="651"><subfield code="a">Lewiston (Idaho)</subfield><subfield code="v">Newspapers.</subfield></datafield><datafield ind1=" " ind2="0" tag="651"><subfield code="a">Nez Perce County (Idaho)</subfield><subfield code="v">Newspapers.</subfield></datafield><datafield ind1=" " ind2="7" tag="651"><subfield code="a">Idaho</subfield><subfield code="z">Lewiston.</subfield><subfield code="2">fast</subfield><subfield code="0">(OCoLC)fst01217687</subfield></datafield><datafield ind1=" " ind2="7" tag="651"><subfield code="a">Idaho</subfield><subfield code="z">Nez Perce County.</subfield><subfield code="2">fast</subfield><subfield code="0">(OCoLC)fst01217661</subfield></datafield><datafield ind1=" " ind2="7" tag="655"><subfield code="a">Newspapers.</subfield><subfield code="2">fast</subfield><subfield code="0">(OCoLC)fst01423814</subfield></datafield><datafield ind1="0" ind2="8" tag="776"><subfield code="i">Originally issued in print:</subfield><subfield code="t">Teller</subfield><subfield code="x">2381-1994</subfield><subfield code="w">(DLC)sn 82007025</subfield><subfield code="w">(OCoLC)8797755</subfield></datafield><datafield ind1="0" ind2="0" tag="785"><subfield code="t">Lewiston teller</subfield></datafield><datafield ind1="4" ind2=" " tag="856"><subfield code="u">http://gale.cengage.com/usnewspapers/</subfield><subfield code="z">Available to subscribing institutions</subfield></datafield><datafield ind1="4" ind2="0" tag="856"><subfield code="u">http://www.loc.gov/chroniclingamerica/lccn/sn82007025/issues</subfield></datafield></record>